<record><leader>00000cas a22000007a 4500</leader><controlfield tag="001">10675106</controlfield><controlfield tag="008">840430d18691871nhuwr ne      0    0eng d</controlfield><datafield ind1=" " ind2=" " tag="010"><subfield code="a">sn 84022936 </subfield></datafield><datafield ind1=" " ind2=" " tag="040"><subfield code="a">NPX</subfield><subfield code="b">eng</subfield><subfield code="c">NPX</subfield><subfield code="d">DLC</subfield><subfield code="d">NPU</subfield><subfield code="d">NVH</subfield><subfield code="d">YUS</subfield><subfield code="d">OCLCF</subfield><subfield code="d">OCLCO</subfield><subfield code="d">DLC</subfield></datafield><datafield ind1=" " ind2=" " tag="042"><subfield code="a">msc</subfield></datafield><datafield ind1="0" ind2="0" tag="050"><subfield code="a">Newspaper 8721</subfield></datafield><datafield ind1="0" ind2=" " tag="130"><subfield code="a">Republican statesman (Concord, N.H.)</subfield></datafield><datafield ind1="0" ind2="4" tag="245"><subfield code="a">The Republican statesman.</subfield></datafield><datafield ind1=" " ind2=" " tag="260"><subfield code="a">Concord, N.H. :</subfield><subfield code="b">McFarland &amp; Jenks,</subfield></datafield><datafield ind1=" " ind2=" " tag="300"><subfield code="a">v.</subfield></datafield><datafield ind1=" " ind2=" " tag="310"><subfield code="a">Weekly</subfield></datafield><datafield ind1="0" ind2=" " tag="362"><subfield code="a">Vol. 47, no. 2483 (Jan. 1, 1869)-v. 49, no. 2626 (Sept. 29, 1871).</subfield></datafield><datafield ind1=" " ind2="0" tag="650"><subfield code="a">American newspapers</subfield><subfield code="z">New Hampshire</subfield><subfield code="z">Concord.</subfield></datafield><datafield ind1=" " ind2="7" tag="650"><subfield code="a">American newspapers.</subfield><subfield code="2">fast</subfield><subfield code="0">(OCoLC)fst00807293</subfield></datafield><datafield ind1=" " ind2="7" tag="651"><subfield code="a">New Hampshire</subfield><subfield code="z">Concord.</subfield><subfield code="2">fast</subfield><subfield code="0">(OCoLC)fst01205752</subfield></datafield><datafield ind1=" " ind2=" " tag="752"><subfield code="a">United States</subfield><subfield code="b">New Hampshire</subfield><subfield code="c">Merrimack</subfield><subfield code="d">Concord.</subfield></datafield><datafield ind1="0" ind2="0" tag="780"><subfield code="t">New Hampshire statesman (Concord, N.H. : 1847)</subfield><subfield code="w">(DLC)sn 84022932</subfield></datafield><datafield ind1="0" ind2="7" tag="785"><subfield code="t">Independent Democrat (Concord, N.H.)</subfield><subfield code="w">(DLC)sn 84022953</subfield></datafield><datafield ind1="0" ind2="7" tag="785"><subfield code="t">Independent statesman (Concord, N.H.)</subfield><subfield code="x">2576-0467</subfield><subfield code="w">(DLC)sn 84022957</subfield><subfield code="w">(OCoLC)10681792</subfield></datafield><datafield ind1="1" ind2=" " tag="029"><subfield code="a">AU@</subfield><subfield code="b">000025819036</subfield></datafield></record>